<record><leader>00000cas a2200000 i 4500</leader><controlfield tag="001">15010489</controlfield><controlfield tag="008">861223d19041908inuwr ne      0    0eng c</controlfield><datafield ind1=" " ind2=" " tag="010"><subfield code="a">sn 86059224 </subfield></datafield><datafield ind1=" " ind2=" " tag="040"><subfield code="a">NPI</subfield><subfield code="b">eng</subfield><subfield code="e">rda</subfield><subfield code="c">NPI</subfield><subfield code="d">OCLCQ</subfield><subfield code="d">IUL</subfield><subfield code="d">OCLCF</subfield></datafield><datafield ind1=" " ind2=" " tag="042"><subfield code="a">pcc</subfield></datafield><datafield ind1=" " ind2=" " tag="043"><subfield code="a">n-us-in</subfield></datafield><datafield ind1="0" ind2="0" tag="245"><subfield code="a">Star and Democrat.</subfield></datafield><datafield ind1=" " ind2="1" tag="264"><subfield code="a">Greencastle, Ind. :</subfield><subfield code="b">Star and Democrat Publishing Co.,</subfield><subfield code="c">1904-1908.</subfield></datafield><datafield ind1=" " ind2=" " tag="300"><subfield code="a">5 volumes</subfield></datafield><datafield ind1=" " ind2=" " tag="310"><subfield code="a">Weekly</subfield></datafield><datafield ind1=" " ind2=" " tag="336"><subfield code="a">text</subfield><subfield code="b">txt</subfield><subfield code="2">rdacontent</subfield></datafield><datafield ind1=" " ind2=" " tag="337"><subfield code="a">unmediated</subfield><subfield code="b">n</subfield><subfield code="2">rdamedia</subfield></datafield><datafield ind1=" " ind2=" " tag="338"><subfield code="a">volume</subfield><subfield code="b">nc</subfield><subfield code="2">rdacarrier</subfield></datafield><datafield ind1="0" ind2=" " tag="362"><subfield code="a">New series, vol. 1, no. 1 (Sept. 2, 1904)-v. 5, no. 9 (Oct. 23, 1908) = old series vol. 46, no. 20-v. 50, no. 27.</subfield></datafield><datafield ind1=" " ind2=" " tag="580"><subfield code="a">Daily ed: Greencastle herald.</subfield></datafield><datafield ind1=" " ind2="0" tag="651"><subfield code="a">Greencastle (Ind.)</subfield><subfield code="v">Newspapers.</subfield></datafield><datafield ind1=" " ind2="0" tag="651"><subfield code="a">Putnam County (Ind.)</subfield><subfield code="v">Newspapers.</subfield></datafield><datafield ind1=" " ind2="7" tag="651"><subfield code="a">Indiana</subfield><subfield code="z">Greencastle.</subfield><subfield code="2">fast</subfield><subfield code="0">(OCoLC)fst01206132</subfield></datafield><datafield ind1=" " ind2="7" tag="651"><subfield code="a">Indiana</subfield><subfield code="z">Putnam County.</subfield><subfield code="2">fast</subfield><subfield code="0">(OCoLC)fst01218230</subfield></datafield><datafield ind1=" " ind2="7" tag="655"><subfield code="a">Newspapers.</subfield><subfield code="2">fast</subfield><subfield code="0">(OCoLC)fst01423814</subfield></datafield><datafield ind1=" " ind2=" " tag="752"><subfield code="a">United States</subfield><subfield code="b">Indiana</subfield><subfield code="c">Putnam</subfield><subfield code="d">Greencastle.</subfield></datafield><datafield ind1="1" ind2=" " tag="775"><subfield code="t">Greencastle herald</subfield><subfield code="w">(DLC)sn 86059222</subfield><subfield code="w">(OCoLC)15010476</subfield></datafield><datafield ind1="0" ind2="4" tag="780"><subfield code="t">Greencastle star-press</subfield><subfield code="w">(DLC)sn 86058072</subfield><subfield code="w">(OCoLC)13408093</subfield></datafield><datafield ind1="0" ind2="4" tag="780"><subfield code="t">Greencastle Democrat</subfield><subfield code="w">(DLC)sn 87055019</subfield><subfield code="w">(OCoLC)15028081</subfield></datafield><datafield ind1="0" ind2="0" tag="785"><subfield code="t">Star-Democrat</subfield><subfield code="w">(DLC)sn 86059225</subfield><subfield code="w">(OCoLC)15010506</subfield></datafield><datafield ind1="4" ind2="1" tag="856"><subfield code="u">https://access.newspaperarchive.com/us/indiana/greencastle/greencastle-star-and-democrat/</subfield></datafield></record>